<record><leader>00000cas a22000007a 4500</leader><controlfield tag="001">15089912</controlfield><controlfield tag="008">870120d190u1968inudn ne      0    0eng d</controlfield><datafield ind1=" " ind2=" " tag="010"><subfield code="a">sn 87055002 </subfield></datafield><datafield ind1=" " ind2=" " tag="040"><subfield code="a">NPI</subfield><subfield code="b">eng</subfield><subfield code="c">NPI</subfield><subfield code="d">OCLCQ</subfield></datafield><datafield ind1=" " ind2=" " tag="042"><subfield code="a">msc</subfield></datafield><datafield ind1="0" ind2="4" tag="082"><subfield code="a">070</subfield></datafield><datafield ind1="0" ind2=" " tag="130"><subfield code="a">Marion chronicle (Marion, Ind. : Daily)</subfield></datafield><datafield ind1="1" ind2="4" tag="245"><subfield code="a">The Marion chronicle.</subfield></datafield><datafield ind1="3" ind2="0" tag="246"><subfield code="a">Marion Sunday chronicle-tribune</subfield></datafield><datafield ind1=" " ind2=" " tag="260"><subfield code="a">Marion, Ind. :</subfield><subfield code="b">Chronicle Newspaper Co.,</subfield><subfield code="c">-1968.</subfield></datafield><datafield ind1=" " ind2=" " tag="300"><subfield code="a">v.</subfield></datafield><datafield ind1=" " ind2=" " tag="310"><subfield code="a">Daily (except Sat.),</subfield><subfield code="b">&lt;May 3, 1937-Mar. 15, 1968&gt;</subfield></datafield><datafield ind1=" " ind2=" " tag="321"><subfield code="a">Daily (except. Sun.)</subfield></datafield><datafield ind1="0" ind2=" " tag="362"><subfield code="a">-v. 80, no. 144 (Mar. 29, 1968).</subfield></datafield><datafield ind1=" " ind2=" " tag="500"><subfield code="a">On Sunday published in conjunction with the Marion leader-tribune, &lt;1930-1965&gt; and Leader-tribune, &lt;1965-1968&gt; as: Marion Sunday chronicle-tribune.</subfield></datafield><datafield ind1=" " ind2=" " tag="580"><subfield code="a">Also published in a weekly ed. called: The Marion chronicle (Marion, Ind. : Weekly : 1879).</subfield></datafield><datafield ind1=" " ind2=" " tag="588"><subfield code="a">Description based on: Vol. 20, no. 324 (Nov. 16, 1907).</subfield></datafield><datafield ind1=" " ind2=" " tag="752"><subfield code="a">United States</subfield><subfield code="b">Indiana</subfield><subfield code="c">Grant</subfield><subfield code="d">Marion.</subfield></datafield><datafield ind1="1" ind2=" " tag="775"><subfield code="t">Marion chronicle (Marion, Ind. : Weekly : 1879)</subfield><subfield code="w">(DLC)sn 87055072</subfield></datafield><datafield ind1="0" ind2="0" tag="780"><subfield code="t">Marion daily chronicle (Marion, Ind. : 1899)</subfield><subfield code="w">(DLC)sn 87055090</subfield></datafield><datafield ind1="0" ind2="7" tag="785"><subfield code="t">Leader-tribune (Marion, Ind.)</subfield><subfield code="w">(DLC)sn 87055006</subfield></datafield><datafield ind1="0" ind2="7" tag="785"><subfield code="t">Chronicle tribune (Marion, Ind.)</subfield><subfield code="w">(DLC)sn 87055003</subfield></datafield></record>